<?xml version="1.0" encoding="utf-8"?>
<record xmlns="http://www.loc.gov/MARC21/slim" xmlns:xsi="http://www.w3.org/2001/XMLSchema-instance" xsi:schemaLocation="http://www.loc.gov/MARC21/slim http://www.loc.gov/standards/marcxml/schema/MARC21slim.xsd">
	<leader>     nam a22        4500</leader>
	<controlfield tag="001">3073622</controlfield>
	<controlfield tag="003">NNC</controlfield>
	<controlfield tag="006">m        d        </controlfield>
	<controlfield tag="007">cr cn |||m|||a</controlfield>
	<controlfield tag="008">150603s1905    ua a    o     000 0 ara d</controlfield>
	<datafield ind1=" " ind2=" " tag="040">
		<subfield code="a">NNU</subfield>
		<subfield code="b">eng</subfield>
		<subfield code="e">rda</subfield>
		<subfield code="c">NNU</subfield>
	</datafield>
	<datafield ind1="1" ind2=" " tag="100">
		<subfield code="6">880-01</subfield>
		<subfield code="a">Waḥdī, Muḥammad Farīd.</subfield>
	</datafield>
	<datafield ind1="1" ind2="0" tag="245">
		<subfield code="6">880-02</subfield>
		<subfield code="a">Kanz al-ʻulūm wa-al-lughah :</subfield>
		<subfield code="b">dāʼirat maʻārif ʻāmmah taḥtawī ʻalā faṣīh al-lughah al-ʻarabīyah wakhulāṣāt al-ʻulūm al-naqlīyah wa-al-ʻaqlīyah wa-al-ṭabīʻīyah wa-al-tārīkhīyah wa-al-ʻumrānīyah watarājim al-mashāhīr wafīhā min al-fawāʼid al-ṭibbīyah wa-al-ʻilājīyah wa-al-wasāʼil al-ḥayawī-yah mā yaḥtāj al-insān ilayhi fī sāʼir ahwālihī al-maʻīshīyah /</subfield>
		<subfield code="c">Taʼlīf Muḥammad Farīd Waḥdī.</subfield>
	</datafield>
	<datafield ind1=" " ind2=" " tag="260">
		<subfield code="6">880-03</subfield>
		<subfield code="a">Miṣr :</subfield>
		<subfield code="b">Maṭbaʻat al-Wāʻiẓ,</subfield>
		<subfield code="c">1323 h., 1905 m.</subfield>
	</datafield>
	<datafield ind1=" " ind2=" " tag="300">
		<subfield code="a">online resource (858, 16 pages) :</subfield>
		<subfield code="b">illustrations</subfield>
	</datafield>
	<datafield ind1=" " ind2=" " tag="336">
		<subfield code="a">text</subfield>
		<subfield code="2">rdacontent</subfield>
	</datafield>
	<datafield ind1=" " ind2=" " tag="337">
		<subfield code="a">computer</subfield>
		<subfield code="2">rdamedia</subfield>
	</datafield>
	<datafield ind1=" " ind2=" " tag="338">
		<subfield code="a">online resource</subfield>
		<subfield code="2">rdacarrier</subfield>
	</datafield>
	<datafield ind1=" " ind2=" " tag="500">
		<subfield code="a">Part of the Arabic Collections Online (ACO) project, contributed by Columbia University Libraries.</subfield>
	</datafield>
	<datafield ind1=" " ind2=" " tag="533">
		<subfield code="a">Electronic reproduction.</subfield>
		<subfield code="b">New York, N.Y. :</subfield>
		<subfield code="c">New York University,</subfield>
		<subfield code="d">2015.</subfield>
		<subfield code="5">NNU</subfield>
	</datafield>
	<datafield ind1="2" ind2=" " tag="710">
		<subfield code="a">Columbia University.</subfield>
		<subfield code="b">Libraries.</subfield>
	</datafield>
	<datafield ind1="0" ind2=" " tag="730">
		<subfield code="a">Arabic Collections Online.</subfield>
	</datafield>
	<datafield ind1="0" ind2="8" tag="776">
		<subfield code="i">Print version:</subfield>
		<subfield code="a">Waḥdī, Muḥammad Farīd.</subfield>
		<subfield code="t">Kanz al-ʻulūm wa-al-lughah</subfield>
		<subfield code="w">(NNC)3073622</subfield>
		<subfield code="w">(OCoLC)47847578</subfield>
	</datafield>
	<datafield ind1="4" ind2="0" tag="856">
		<subfield code="u">http://hdl.handle.net/2333.1/280gb7zg</subfield>
	</datafield>
	<datafield ind1="1" ind2=" " tag="880">
		<subfield code="6">100-01/r</subfield>
		<subfield code="a">وحدي، محمد فريد.</subfield>
	</datafield>
	<datafield ind1="1" ind2="0" tag="880">
		<subfield code="6">245-02/r</subfield>
		<subfield code="a">كنز العلوم واللغه :</subfield>
		<subfield code="b">دائرة معارف عامة تحتوي على فصيح اللغة العربية وخلاصات العلوم النقلية والعقلية والطبيعية والتاريخية والعمرانية وتراجم المشاهير وفيها من الفوائد الطبية والعلاجية والوسائل الحيويية ما يحتاج الانسان اليه في سائر احواله المعيشية /</subfield>
		<subfield code="c">تأليف محمد فريد وحدي.</subfield>
	</datafield>
	<datafield ind1=" " ind2=" " tag="880">
		<subfield code="6">260-03/r</subfield>
		<subfield code="a">مصر :</subfield>
		<subfield code="b">مطبعة الواعظ،</subfield>
		<subfield code="c">1323 ه.، 1905 م.</subfield>
	</datafield>
	<datafield ind1=" " ind2=" " tag="959">
		<subfield code="a">NNU</subfield>
		<subfield code="b">WEB</subfield>
		<subfield code="c">GENI</subfield>
		<subfield code="t">0</subfield>
		<subfield code="m">Electronic access</subfield>
		<subfield code="s">01</subfield>
	</datafield>
	<datafield ind1=" " ind2=" " tag="999">
		<subfield code="i">NNC_3073622</subfield>
		<subfield code="o">(OCoLC)ocm47847578</subfield>
		<subfield code="s">columbia_aco000453</subfield>
		<subfield code="e">(ERROR-880)</subfield>
		<subfield code="s">columbia_aco000453</subfield>
	</datafield>
</record>
